@Misc{tenis01,
howpublished = {http://www.tenis.net.pl/historia-tenisa-ziemnego/},
month = {26.11.2016}
}
@Misc{tenis02,
howpublished = {http://www.itftennis.com/},
month = {26.11.2016}
}
@Book{satt01,
author = {Kai Uwe Sattler and Eike Schallehn},
title = {A Data Preparation Framework based on a Multidatabase Language},
publisher = {Department of Computer Science, University of Magdeburg, Magdeburg, Germany},
year = {2001}
}
@Book{osow01,
author = {Stanis≈Çaw Osowski},
title = {Sieci neuronowe do przetwarzania informacji},
publisher = {Oficyna Wydawnicza Politechniki Warszawskiej},
year = {2000}
}
@Book{hayk01,
author = {Simon Haykin},
title = {Neural Networks and Learning Machines (3rd Edition)},
publisher = {Prentice Hall},
year = {2009}
}
